<collection xmlns="http://www.loc.gov/MARC21/slim"><record><leader>00746nam  2200241   450</leader><controlfield tag="001">817</controlfield><controlfield tag="003">http://montalegre.opacnet.com/OPAC/default.aspx?ContentAreaControl=ShowRegHoldings.ascx&amp;RegNo=16662</controlfield><datafield tag="010" ind1=" " ind2=" "><subfield code="a">972-29-0247-4</subfield></datafield><datafield tag="021" ind1=" " ind2=" "><subfield code="a">PT</subfield><subfield code="b">51130/91</subfield></datafield><datafield tag="095" ind1=" " ind2=" "><subfield code="a">PTBN00364035</subfield></datafield><datafield tag="100" ind1=" " ind2=" "><subfield code="a">19920617d1991    m  y0pory010305  ba</subfield></datafield><datafield tag="101" ind1="1" ind2=" "><subfield code="a">por</subfield><subfield code="c">eng</subfield></datafield><datafield tag="102" ind1=" " ind2=" "><subfield code="a">PT</subfield></datafield><datafield tag="105" ind1=" " ind2=" "><subfield code="a">y   z   001ay</subfield></datafield><datafield tag="106" ind1=" " ind2=" "><subfield code="a">r</subfield></datafield><datafield tag="200" ind1="1" ind2=" "><subfield code="a">Babbitt</subfield><subfield code="f">Sinclair Lewis</subfield><subfield code="g">trad. Daniel Gonçalves</subfield></datafield><datafield tag="210" ind1=" " ind2=" "><subfield code="a">Lisboa</subfield><subfield code="c">Difel</subfield><subfield code="d">D.L. 1991</subfield></datafield><datafield tag="215" ind1=" " ind2=" "><subfield code="a">343 p.</subfield><subfield code="d">24 cm</subfield></datafield><datafield tag="675" ind1=" " ind2=" "><subfield code="a">821.111(73)-311.3"19"</subfield><subfield code="v">BN</subfield><subfield code="z">por</subfield></datafield><datafield tag="700" ind1=" " ind2="1"><subfield code="a">Lewis</subfield><subfield code="b">Sinclair</subfield><subfield code="f">1885-1951</subfield></datafield><datafield tag="702" ind1=" " ind2="1"><subfield code="a">Gonçalves</subfield><subfield code="b">Daniel</subfield><subfield code="f">1921-</subfield><subfield code="4">730</subfield></datafield><datafield tag="801" ind1=" " ind2="0"><subfield code="a">PT</subfield><subfield code="b">Biblioteca Municipal de Montalegre</subfield><subfield code="g">RPC</subfield></datafield><datafield tag="856" ind1=" " ind2=" "><subfield code="u">locateMedia.asp?cod=20060622164121&amp;ext=jpg</subfield><subfield code="z">CAPA</subfield></datafield><datafield tag="909" ind1="&#9;" ind2=" "><subfield code="a">1</subfield></datafield><datafield tag="966" ind1=" " ind2=" "><subfield code="a">0009006</subfield><subfield code="l">BMM</subfield><subfield code="s">SCG 821 LEW bab</subfield></datafield></record></collection>